<record><leader>00000cas a2200000 a 4500</leader><controlfield tag="001">13337171</controlfield><controlfield tag="008">860324d19011903iludn ne      0   a0eng c</controlfield><datafield ind1=" " ind2=" " tag="010"><subfield code="a">sn 86086382 </subfield></datafield><datafield ind1=" " ind2=" " tag="040"><subfield code="a">NPV</subfield><subfield code="b">eng</subfield><subfield code="c">NPV</subfield><subfield code="d">NVF</subfield><subfield code="d">CVF</subfield><subfield code="d">OCLCQ</subfield><subfield code="d">OCLCG</subfield><subfield code="d">NVF</subfield><subfield code="d">OCLCQ</subfield><subfield code="d">OCLCF</subfield><subfield code="d">NVF</subfield><subfield code="d">OCLCO</subfield></datafield><datafield ind1="1" ind2=" " tag="029"><subfield code="a">AU@</subfield><subfield code="b">000025827934</subfield></datafield><datafield ind1=" " ind2=" " tag="042"><subfield code="a">pcc</subfield></datafield><datafield ind1=" " ind2=" " tag="043"><subfield code="a">n-us-il</subfield></datafield><datafield ind1="0" ind2="0" tag="245"><subfield code="a">Hearst's Chicago evening American.</subfield></datafield><datafield ind1="1" ind2="0" tag="246"><subfield code="a">Hearst's Chicago American</subfield></datafield><datafield ind1=" " ind2=" " tag="260"><subfield code="a">Chicago, Ill. :</subfield><subfield code="b">W.R. Hearst,</subfield><subfield code="c">1901-1903.</subfield></datafield><datafield ind1=" " ind2=" " tag="300"><subfield code="a">v.</subfield></datafield><datafield ind1=" " ind2=" " tag="310"><subfield code="a">Daily (except Sunday)</subfield></datafield><datafield ind1="0" ind2=" " tag="362"><subfield code="a">No. 277 (Apr. 6, 1901)- ; -v. 3, no. 310 (May 9, 1903).</subfield></datafield><datafield ind1=" " ind2=" " tag="500"><subfield code="a">"Evening" appears within masthead ornament.</subfield></datafield><datafield ind1=" " ind2=" " tag="580"><subfield code="a">Sunday ed.: Hearst's Chicago morning American.</subfield></datafield><datafield ind1=" " ind2=" " tag="580"><subfield code="a">Morning eds.: Hearst's Chicago American, 1901, and: Hearst's Chicago morning American, 1901-1902, and: Hearst's Chicago examiner and American, 1902, and: Hearst's Chicago examiner, 1902-1903.</subfield></datafield><datafield ind1=" " ind2="0" tag="651"><subfield code="a">Chicago (Ill.)</subfield><subfield code="v">Newspapers.</subfield></datafield><datafield ind1=" " ind2="7" tag="651"><subfield code="a">Illinois</subfield><subfield code="z">Chicago.</subfield><subfield code="2">fast</subfield><subfield code="0">(OCoLC)fst01204048</subfield></datafield><datafield ind1=" " ind2="7" tag="655"><subfield code="a">Newspapers.</subfield><subfield code="2">fast</subfield><subfield code="0">(OCoLC)fst01423814</subfield></datafield><datafield ind1="1" ind2=" " tag="700"><subfield code="a">Hearst, William Randolph,</subfield><subfield code="d">1863-1951.</subfield></datafield><datafield ind1=" " ind2=" " tag="752"><subfield code="a">United States</subfield><subfield code="b">Illinois</subfield><subfield code="c">Cook</subfield><subfield code="d">Chicago.</subfield></datafield><datafield ind1="1" ind2=" " tag="775"><subfield code="t">Hearst's Chicago American</subfield><subfield code="w">(DLC)sn 86086381</subfield><subfield code="w">(OCoLC)13336831</subfield></datafield><datafield ind1="1" ind2=" " tag="775"><subfield code="t">Hearst's Chicago morning American</subfield><subfield code="w">(DLC)sn 85038329</subfield><subfield code="w">(OCoLC)12352791</subfield></datafield><datafield ind1="1" ind2=" " tag="775"><subfield code="t">Hearst's Chicago examiner and American</subfield><subfield code="w">(DLC)sn 90053009</subfield><subfield code="w">(OCoLC)21232344</subfield></datafield><datafield ind1="1" ind2=" " tag="775"><subfield code="t">Hearst's Chicago examiner</subfield><subfield code="w">(DLC)sn 90053023</subfield><subfield code="w">(OCoLC)21413918</subfield></datafield><datafield ind1="0" ind2="0" tag="785"><subfield code="t">Chicago evening American (Chicago, Ill. : 1903)</subfield><subfield code="w">(DLC)sn 84024029</subfield><subfield code="w">(OCoLC)10321651</subfield></datafield></record>